<?xml version="1.0" encoding="UTF-8"?>
<utfx:tests xmlns:utfx="http://utfx.org/test-definition" xmlns:dc="http://purl.org/dc/elements/1.1/">
<utfx:stylesheet src="marc_dc_newcastle.xsl"/>
<!--    <utfx:stylesheet src="/home/oem/partner/Newcastle/3_1/config/stylesheets/marc_dc.xsl"/>-->
    
    <!-- Dissertation Note-->
    <utfx:test>
        <utfx:name> Dissertation Note</utfx:name>
        <utfx:assert-equal>
            <utfx:source validate="no">
                <collection xmlns="http://www.loc.gov/MARC21/slim">
                <record >
                        <leader>00000nam a22000002a 4500</leader>
                        <controlfield tag="008">070227t2002||||||| eng|d</controlfield>
                        <datafield tag="655" ind1=" " ind2=" "><subfield code="a">Australasian Digital Thesis</subfield>
                        </datafield>
                    </record>
                </collection>
            </utfx:source>
            <utfx:expected validate="no">
                <dc:type>Australasian Digital Thesis</dc:type>
               </utfx:expected>
        </utfx:assert-equal>
    </utfx:test>
    
    <!-- Note-->
    <utfx:test>
        <utfx:name> Note</utfx:name>
        <utfx:assert-equal>
            <utfx:source validate="no">
                <collection xmlns="http://www.loc.gov/MARC21/slim">
                    <record>
                        <leader>00000nam a22000002a 4500</leader>
                        <controlfield tag="008">070227t2002||||||| eng|d</controlfield>
                        <datafield tag="502" ind1=" " ind2=" "><subfield code="a">PhD Doctorate</subfield>
                        </datafield>
                    </record>
                </collection>
            </utfx:source>
            <utfx:expected validate="no">
               
                    <dc:description>PhD Doctorate</dc:description>
                
            </utfx:expected>
        </utfx:assert-equal>
    </utfx:test>
    
    <!-- Peer Reviewed -->
    <utfx:test>
        <utfx:name>Peer Reviewed</utfx:name>
        <utfx:assert-equal>
            <utfx:source validate="no">
                <collection xmlns="http://www.loc.gov/MARC21/slim">
                    <record>
                        <leader>00000nam a22000002a 4500</leader>
                        <controlfield tag="008">070227t2002||||||| eng|d</controlfield>
                        <datafield tag="595" ind1=" " ind2=" "><subfield code="a">Refereed, Research</subfield>
                        </datafield>
                    </record>
                </collection>
            </utfx:source>
            <utfx:expected validate="no">
               
                    <dc:description>Refereed, Research</dc:description>
                
            </utfx:expected>
        </utfx:assert-equal>
    </utfx:test>
    <!-- Item Title -->
    
    
    <!-- ISBN -->
    <utfx:test>
        <utfx:name>ISBN</utfx:name>
        <utfx:assert-equal>
            <utfx:source validate="no">
                <collection xmlns="http://www.loc.gov/MARC21/slim">
                    <record>
                        <leader>00000nam a22000002a 4500</leader>
                        <controlfield tag="008">070227t2002||||||| eng|d</controlfield>
                        <datafield ind1=" " ind2=" " tag="020">
                            <subfield code="a">0-275-96945-2</subfield>
                        </datafield>
                    </record>
                </collection>
            </utfx:source>
            <utfx:expected validate="no">
               
                    <dc:identifier>ISBN:0-275-96945-2</dc:identifier>
                
            </utfx:expected>
        </utfx:assert-equal>
    </utfx:test>
    <!-- ISSN -->
    <utfx:test>
        <utfx:name>ISSN</utfx:name>
        <utfx:assert-equal>
            <utfx:source validate="no">
                <collection xmlns="http://www.loc.gov/MARC21/slim">
                    <record>
                        <leader>00000nam a22000002a 4500</leader>
                        <controlfield tag="008">070227t2002||||||| eng|d</controlfield>
                        <datafield ind1=" " ind2=" " tag="022">
                            <subfield code="a">1011-6370</subfield>
                        </datafield>
                    </record>
                </collection>
            </utfx:source>
            <utfx:expected validate="no">
               
                    <dc:identifier>ISSN:1011-6370</dc:identifier>
                
            </utfx:expected>
        </utfx:assert-equal>
    </utfx:test>
    <!-- Item Title -->
    <utfx:test>
        <utfx:name>Test Name</utfx:name>
        <utfx:assert-equal>
            <utfx:source validate="no">
                <collection xmlns="http://www.loc.gov/MARC21/slim">
                    <record>
                        <leader>00000nam a22000002a 4500</leader>
                        <controlfield tag="008">070227t2002||||||| eng|d</controlfield>
                        <datafield tag="245" ind1="0" ind2="0">
                            <subfield code="a">Observing the open-closed boundary using cusp-latitude magnetometers</subfield>
                        </datafield>
                    </record>