
                </collection>
            </utfx:source>
            <utfx:expected validate="no">
                
                  
                    <dc:title>Observing the open-closed boundary using cusp-latitude magnetometers</dc:title>
                
            </utfx:expected>
        </utfx:assert-equal>
    </utfx:test>
    <!-- Creators [1.1] -->
    <utfx:test>
        <utfx:name>Creators [1.1]</utfx:name>
        <utfx:assert-equal>
            <utfx:source validate="no">
                <collection xmlns="http://www.loc.gov/MARC21/slim">
                    <record>
                        <leader>00000nam a22000002a 4500</leader>
                        <controlfield tag="008">070227t2002||||||| eng|d</controlfield>
                        <datafield tag="100" ind1="1" ind2=" ">
                            <subfield code="a">Ables, Sean Thomas</subfield>
                        </datafield>
                    </record>