
                </collection>
            </utfx:source>
    
                <utfx:expected validate="no">
                    <dc:relation>Australasian Digital Thesis</dc:relation>
           

            </utfx:expected>
        </utfx:assert-equal>
    </utfx:test>
    <!-- Valet item -->
    <utfx:test>
        <utfx:name>Valet item</utfx:name>
        <utfx:assert-equal>
            <utfx:source validate="no">
                <collection xmlns="http://www.loc.gov/MARC21/slim">
                    <record>
                        <leader>00000nam a22000002a 4500</leader>
                        <controlfield tag="008">070227t2002||||||| eng|d</controlfield>
                            <datafield ind1=" " ind2="7" tag="655">
                                <subfield code="a">major project</subfield>
                                <subfield code="2">local</subfield>
                            </datafield>
                            <datafield ind1="1" ind2="2" tag="720">
                                <subfield code="a">Bob, Billy</subfield>
                                <subfield code="e">(Supervisor)</subfield>
                                <subfield code="u">Murdoch University</subfield>
                            </datafield>
    
                            <datafield ind1=" " ind2=" " tag="502">
                                <subfield code="a">Masters Research - Master of Science Something</subfield>
                            </datafield>
                            <datafield ind1=" " ind2=" " tag="830">
                                <subfield code="a">Australasian Digital Thesis</subfield>
                            </datafield>
                            <datafield ind1=" " ind2=" " tag="506">
                            <subfield code="a"> Restricted access. Embargo for 5 months</subfield>
                        </datafield>
                        <datafield ind1=" " ind2=" " tag="591">
                            <subfield code="a">I agree</subfield>
                        </datafield>
                            <datafield ind1="0" ind2=" " tag="041">
                                <subfield code="a">eng</subfield>
                            </datafield>
                            <datafield ind1=" " ind2=" " tag="260">
                                <subfield code="c">1997</subfield>
                            </datafield>
    
                              <datafield ind1="1" ind2="0" tag="245">
                                  <subfield code="a">ExcellenThesis</subfield>
                               </datafield>
                                
                                <datafield ind1=" " ind2="7" tag="650">
                                    <subfield code="a">November</subfield>
                                </datafield>
                                <datafield ind1=" " ind2="7" tag="650">
                                    <subfield code="a">rain</subfield>
                                </datafield>
                                <datafield ind1=" " ind2=" " tag="653">
                                    <subfield code="a">precipitation</subfield>
                                </datafield>
                                <datafield ind1=" " ind2=" " tag="653">
                                    <subfield code="a">cloud</subfield>
                                </datafield>
                                <datafield ind1=" " ind2=" " tag="653">
                                    <subfield code="a">thunder</subfield>
                                </datafield>
                                <datafield ind1=" " ind2=" " tag="100">
                                    <subfield code="a">Fityush, Stephen George</subfield>
                                    <subfield code="u">Murdoch University</subfield>
                                </datafield>
                                <datafield ind1=" " ind2=" " tag="710">
                                    <subfield code="a"> University of Georgia</subfield>
                                    <subfield code="b">Science</subfield>
                                </datafield>
                                <datafield ind1=" " ind2=" " tag="540">
                                    <subfield code="a"> Copyright 1997 Stephen George Fityush</subfield>
                                </datafield>
                                <datafield ind1=" " ind2=" " tag="590">
                                    <subfield code="a">I agree to NOVA 1.0</subfield>
                                </datafield>
                        <datafield ind1=" " ind2=" " tag="500">
                            <subfield code="a">More details to hand....</subfield>
                        </datafield>
                        
                    </record>
                </collection>
            </utfx:source>
            <utfx:expected validate="no">
                <dc:title>ExcellenThesis</dc:title>
                <dc:creator>Fityush, Stephen George</dc:creator>
                <dc:type>major project</dc:type>
                <dc:date>1997</dc:date>
                <dc:language>eng</dc:language>
                <dc:description>More details to hand....</dc:description>
                <dc:description>Masters Research - Master of Science Something</dc:description>
                <dc:subject>November</dc:subject>
                <dc:subject>rain</dc:subject>
                <dc:contributor>University of Georgia. Science</dc:contributor>
                <dc:subject>precipitation</dc:subject>
                <dc:subject>cloud</dc:subject>  
                <dc:subject>thunder</dc:subject>
                <dc:rights>Copyright 1997 Stephen George Fityush</dc:rights>
                <dc:relation>Australasian Digital Thesis</dc:relation>
               
            </utfx:expected>
        </utfx:assert-equal>
    </utfx:test>
    

    


</utfx:tests>
